@inproceedings{mikolov2013distributed,
  title={Distributed representations of words and phrases and their compositionality},
  author={Mikolov, Tomas and Sutskever, Ilya and Chen, Kai and Corrado, Greg S and Dean, Jeff},
  booktitle={Advances in neural information processing systems},
  pages={3111--3119},
  year={2013}
}

@incollection{bottou2010large,
  title={Large-scale machine learning with stochastic gradient descent},
  author={Bottou, L{\'e}on},
  booktitle={Proceedings of COMPSTAT'2010},
  pages={177--186},
  year={2010},
  publisher={Springer}
}
@article{miller1995wordnet,
  title={WordNet: a lexical database for English},
  author={Miller, George A},
  journal={Communications of the ACM},
  volume={38},
  number={11},
  pages={39--41},
  year={1995},
  publisher={ACM}
}
@inproceedings{manning2014stanford,
  title={The stanford corenlp natural language processing toolkit.},
  author={Manning, Christopher D and Surdeanu, Mihai and Bauer, John and Finkel, Jenny Rose and Bethard, Steven and McClosky, David},
  booktitle={ACL (System Demonstrations)},
  pages={55--60},
  year={2014}
}
@article{kudo2005crf++,
  title={CRF++: Yet another CRF toolkit},
  author={Kudo, Taku},
  journal={Software available at http://crfpp. sourceforge. net},
  year={2005}
}
@inproceedings{lafferty2001conditional,
  title={Conditional random fields: Probabilistic models for segmenting and labeling sequence data},
  author={Lafferty, John and McCallum, Andrew and Pereira, Fernando},
  booktitle={Proceedings of the eighteenth international conference on machine learning, ICML},
  volume={1},
  pages={282--289},
  year={2001}
}
@article{berger1996maximum,
  title={A maximum entropy approach to natural language processing},
  author={Berger, Adam L and Pietra, Vincent J Della and Pietra, Stephen A Della},
  journal={Computational linguistics},
  volume={22},
  number={1},
  pages={39--71},
  year={1996},
  publisher={MIT Press}
}
